%YAML 1.1
%TAG !u! tag:unity3d.com,2011:
--- !u!1 &1174494487606054
GameObject:
  m_ObjectHideFlags: 0
  m_CorrespondingSourceObject: {fileID: 0}
  m_PrefabInstance: {fileID: 0}
  m_PrefabAsset: {fileID: 0}
  serializedVersion: 6
  m_Component:
  - component: {fileID: 4358481021045020}
  - component: {fileID: 114417761627396854}
  m_Layer: 0
  m_Name: PointMarker
  m_TagString: Untagged
  m_Icon: {fileID: 0}
  m_NavMeshLayer: 0
  m_StaticEditorFlags: 0
  m_IsActive: 1
--- !u!4 &4358481021045020
Transform:
  m_ObjectHideFlags: 0
  m_CorrespondingSourceObject: {fileID: 0}
  m_PrefabInstance: {fileID: 0}
  m_PrefabAsset: {fileID: 0}
  m_GameObject: {fileID: 1174494487606054}
  m_LocalRotation: {x: -0.06162845, y: 0.7044161, z: -0.7044161, w: -0.06162845}
  m_LocalPosition: {x: 3.91819, y: -0.0018310547, z: 70.33307}
  m_LocalScale: {x: 1, y: 1, z: 1}
  m_Children:
  - {fileID: 4086325798705930}
  m_Father: {fileID: 0}
  m_RootOrder: 0
  m_LocalEulerAnglesHint: {x: 90, y: 0, z: 0}
--- !u!114 &114417761627396854
MonoBehaviour:
  m_ObjectHideFlags: 0
  m_CorrespondingSourceObject: {fileID: 0}
  m_PrefabInstance: {fileID: 0}
  m_PrefabAsset: {fileID: 0}
  m_GameObject: {fileID: 1174494487606054}
  m_Enabled: 1
  m_EditorHideFlags: 0
  m_Script: {fileID: 11500000, guid: 85c7adfbcf93ba249b015a0920de9f38, type: 3}
  m_Name: 
  m_EditorClassIdentifier: 
  projector: {fileID: 1631861289424924}
--- !u!1 &1631861289424924
GameObject:
  m_ObjectHideFlags: 0
  m_CorrespondingSourceObject: {fileID: 0}
  m_PrefabInstance: {fileID: 0}
  m_PrefabAsset: {fileID: 0}
  serializedVersion: 6
  m_Component:
  - component: {fileID: 4086325798705930}
  - component: {fileID: 119057268158090810}
  m_Layer: 0
  m_Name: Projector
  m_TagString: Untagged
  m_Icon: {fileID: 0}
  m_NavMeshLayer: 0
  m_StaticEditorFlags: 0
  m_IsActive: 1
--- !u!4 &4086325798705930
Transform:
  m_ObjectHideFlags: 0
  m_CorrespondingSourceObject: {fileID: 0}
  m_PrefabInstance: {fileID: 0}
  m_PrefabAsset: {fileID: 0}
  m_GameObject: {fileID: 1631861289424924}
  m_LocalRotation: {x: 0, y: 0, z: 0, w: 1}
  m_LocalPosition: {x: 0, y: 0, z: 0}
  m_LocalScale: {x: 1, y: 1, z: 1}
  m_Children: []
  m_Father: {fileID: 4358481021045020}
  m_RootOrder: 0
  m_LocalEulerAnglesHint: {x: 0, y: 0, z: 0}
--- !u!119 &119057268158090810
Projector:
  m_ObjectHideFlags: 0
  m_CorrespondingSourceObject: {fileID: 0}
  m_PrefabInstance: {fileID: 0}
  m_PrefabAsset: {fileID: 0}
  m_GameObject: {fileID: 1631861289424924}
  m_Enabled: 1
  serializedVersion: 2
  m_NearClipPlane: -2.18
  m_FarClipPlane: 11.29
  m_FieldOfView: 60
  m_AspectRatio: 1
  m_Orthographic: 1
  m_OrthographicSize: 0.42
  m_Material: {fileID: 2100000, guid: 181efd7556cccff48a3e3cd9f2094f5c, type: 2}
  m_IgnoreLayers:
    serializedVersion: 2
    m_Bits: 4294967039
